
@book{efron1993c,
	title = {An Introduction to the Bootstrap},
	author = {Efron, Bradley and Tibshirani, Robert J.},
	year = {1993},
	date = {1993},
	publisher = {Springer US},
	doi = {10.1007/978-1-4899-4541-9},
	url = {http://dx.doi.org/10.1007/978-1-4899-4541-9},
	langid = {en}
}

@article{davison1997,
	title = {Bootstrap Methods and their Application},
	author = {Davison, A. C. and Hinkley, D. V.},
	year = {1997},
	month = {10},
	date = {1997-10-28},
	doi = {10.1017/cbo9780511802843},
	url = {http://dx.doi.org/10.1017/cbo9780511802843}
}
